@book{Nielsen,
	author    = {Michael A. Nielsen},
	title     = {\href{http://neuralnetworksanddeeplearning.com/}{Newral Networks and Deep Learning}},
	publisher = {Determination Press},
	year      = {2015}
}
@book{james2013introduction,
	title={An Introduction to Statistical Learning: with Applications in R},
	author={James, G. and Witten, D. and Hastie, T. and Tibshirani, R.},
	isbn={9781461471387},
	lccn={13936251},
	series={Springer Texts in Statistics},
	pages={184},
	year={2013},
	publisher={Springer New York}
}
@article{hoerl1970ridge,
	title={Ridge regression: Biased estimation for nonorthogonal problems},
	author={Hoerl, Arthur E and Kennard, Robert W},
	journal={Technometrics},
	volume={12},
	number={1},
	pages={55--67},
	year={1970},
	publisher={Taylor \& Francis Group}
}
@article{tibshirani1996lasso,
	title={Regression shrinkage and selection via the lasso},
	author={Tibshirani, Robert},
	journal={Journal of the Royal Statistical Society: Series B (Methodological)},
	volume={58},
	number={1},
	pages={267--288},
	year={1996},
	publisher={Wiley Online Library}
}

@misc{ wiki:biasvariance,
	author = "{Wikipedia contributors}",
	title = "Bias–variance tradeoff --- {Wikipedia}{,} The Free Encyclopedia",
	year = "2019",
	url = "https://en.wikipedia.org/w/index.php?title=Bias%E2%80%93variance_tradeoff&oldid=916225762",
	note = "[Online; accessed 24-September-2019]"
}
@article{hastie2009elements,
	title={The elements of statistical learning: prediction, inference and data mining},
	author={Hastie, Trevor and Tibshirani, Robert and Friedman, Jerome},
	journal={Springer-Verlag, New York},
	year={2009}
}

@article{yeh2009UCI,
	title={The comparisons of data mining techniques for the predictive accuracy of probability of default of credit card clients},
	author={Yeh, I-Cheng and Lien, Che-hui},
	journal={Expert Systems with Applications},
	volume={36},
	number={2},
	pages={2473--2480},
	year={2009},
	publisher={Elsevier}
}

@unpublished{prosjekt1,
	title={\href{https://github.com/janadr/FYS-STK4155/tree/master/project1/tex/main.pdf}{Using linear regression for fitting terrain data}},
	author={Jørgensen, Eina B. and Sjur, Anna Lina P. and Kallmyr, Jan-Adrian H.},
	year={2019}
}

@unpublished{LogRegLectures,
	title={\href{https://compphysics.github.io/MachineLearning/doc/pub/LogReg/pdf/LogReg-minted.pdf}{Data Analysis and Machine Learning:
Logistic Regression}},
	author={Hjort-Jensen, Morten},
	year={2019}
}
https://compphysics.github.io/MachineLearning/doc/pub/Splines/pdf/Splines-minted.pdf

@unpublished{GDLectures,
	title={\href{https://compphysics.github.io/MachineLearning/doc/pub/Splines/pdf/Splines-minted.pdf}{Data Analysis and Machine Learning
Lectures: Optimization and Gradient Methods}},
	author={Hjort-Jensen, Morten},
	year={2019}
}
