@book{james2013introduction,
	title={An Introduction to Statistical Learning: with Applications in R},
	author={James, G. and Witten, D. and Hastie, T. and Tibshirani, R.},
	isbn={9781461471387},
	lccn={13936251},
	series={Springer Texts in Statistics},
	pages={184},
	year={2013},
	publisher={Springer New York}
}
@article{hoerl1970ridge,
	title={Ridge regression: Biased estimation for nonorthogonal problems},
	author={Hoerl, Arthur E and Kennard, Robert W},
	journal={Technometrics},
	volume={12},
	number={1},
	pages={55--67},
	year={1970},
	publisher={Taylor \& Francis Group}
}
@article{tibshirani1996lasso,
	title={Regression shrinkage and selection via the lasso},
	author={Tibshirani, Robert},
	journal={Journal of the Royal Statistical Society: Series B (Methodological)},
	volume={58},
	number={1},
	pages={267--288},
	year={1996},
	publisher={Wiley Online Library}
}

